@article{ahsan2010,
  author = {Ahsan, Kamran and Hanifa, Shah and Kingston, Paul},
  year = {2010},
  month = {02},
  title = {{RFID Applications: An Introductory and Exploratory Study}},
  volume = {7},
  journal = {International Journal of Computer Science Issues}
}

@book{ngvanhiepRFID,
  author = {{Nguyễn Văn Hiệp}},
  title = {{Công nghệ nhận dạng vô tuyến RFID}},
  publisher = {ĐH Sư phạm kĩ thuật TP.HCM}
}

@book{andung2009,
  author = {{Nguyễn Khánh An} and {Trương Quốc Dũng}},
  title = {{Nghiên cứu và thiết kế module thu phát sử dụng công nghệ RFID}},
  year = {2009},
  publisher = {ĐH Sư phạm kĩ thuật TP.HCM}
}

@book{rfid_essentials,
  author = {Glover, Bill and Bhatt, Himanshu},
  year = {2006},
  month = {01},
  title = {{RFID essentials}}
}

@article{rfid_sourcebook,
  author = {Lahiri, Sandip},
  year = {2005},
  month = {01},
  title = {{RFID Sourcebook}}
}

@article{manish2005,
  author = {Bhuptani, Manish and Moradpour, Shahram},
  year = {2005},
  month = {01},
  title = {{RFID Field Guide: Deploying Radio Frequency Identification Systems}}
}

@misc{arduino_rfid,
  author = {Balboa, Miguel},
  title = {{Arduino RFID Library for MFRC522}},
  year = {2019},
  publisher = {Github},
  url = {https://github.com/miguelbalboa/rfid}
}

@manual{tivac_datasheet,
  organization = {Texas Instruments},
  title = {{Getting started with the {Tiva$^{TM}$} TM4C123G Launchpad Workshop}},
  year = {2013},
  month = {11}
}

@manual{mfrc522_datasheet,
  organization = {NXP Semiconductors},
  title = {{MFRC522: Standard performance MIFARE and NTAG frontend}},
  year = {2006},
  month = {4}
}

@manual{lcd_datasheet,
  organization = {Shiezhen Eone Electronics Co. LTD},
  title = {{Specification for LCD Module 1602A-1}}
}
